<record><leader>00000cas a22000007a 4500</leader><controlfield tag="001">20871781</controlfield><controlfield tag="008">900110d190519uucouwr ne      0    0eng d</controlfield><datafield ind1=" " ind2=" " tag="010"><subfield code="a">sn 90051006 </subfield></datafield><datafield ind1=" " ind2=" " tag="040"><subfield code="a">CNQ</subfield><subfield code="b">eng</subfield><subfield code="c">CNQ</subfield><subfield code="d">MQN</subfield><subfield code="d">CRL</subfield><subfield code="d">OCLCQ</subfield></datafield><datafield ind1=" " ind2=" " tag="042"><subfield code="a">msc</subfield></datafield><datafield ind1="0" ind2="4" tag="245"><subfield code="a">The Idaho Springs siftings-news.</subfield></datafield><datafield ind1=" " ind2=" " tag="260"><subfield code="a">Idaho Springs, Colo. :</subfield><subfield code="b">Siftings Print. and Pub. Co.,</subfield><subfield code="c">1905-</subfield></datafield><datafield ind1=" " ind2=" " tag="300"><subfield code="a">v.</subfield></datafield><datafield ind1=" " ind2=" " tag="310"><subfield code="a">Weekly</subfield></datafield><datafield ind1="0" ind2=" " tag="362"><subfield code="a">Vol. 5, no. 25 (June 3, 1905)-v. 5, no. 27 (June 17, 1905) ; v. 1, no. 4 (June 24, 1905)-</subfield></datafield><datafield ind1=" " ind2=" " tag="515"><subfield code="a">Issues for June 3, 1905-June 17, 1905 called also vol. 23, no. 9-v. 23, no. 11.</subfield></datafield><datafield ind1=" " ind2=" " tag="530"><subfield code="a">Available on microfilm from the Colorado Historical Society.</subfield></datafield><datafield ind1=" " ind2=" " tag="752"><subfield code="a">United States</subfield><subfield code="b">Colorado</subfield><subfield code="c">Clear Creek</subfield><subfield code="d">Idaho Springs.</subfield></datafield><datafield ind1="0" ind2="4" tag="780"><subfield code="t">Idaho Springs siftings</subfield><subfield code="w">(DLC)sn 90051005</subfield><subfield code="w">(OCoLC)20871640</subfield></datafield><datafield ind1="0" ind2="4" tag="780"><subfield code="t">Idaho Springs news</subfield><subfield code="w">(DLC)sn 86063229</subfield><subfield code="w">(OCoLC)13239814</subfield></datafield></record>